@misc{AGG,
  doi = {10.48550/ARXIV.1705.06366},
  url = {https://arxiv.org/abs/1705.06366},
  author = {Florensa, Carlos and Held, David and Geng, Xinyang and Abbeel, Pieter},
  keywords = {Machine Learning (cs.LG), Artificial Intelligence (cs.AI), Robotics (cs.RO), FOS: Computer and information sciences, FOS: Computer and information sciences},
  title = {Automatic Goal Generation for Reinforcement Learning Agents},
  publisher = {arXiv},
  year = {2017},
  copyright = {arXiv.org perpetual, non-exclusive license}
}
